<?xml version="1.0" encoding="UTF-8"?><collection xmlns="http://www.loc.gov/MARC21/slim"><record><leader>00342nam--2200133-i-4500</leader><controlfield tag="001">000020750</controlfield><controlfield tag="002">20161230</controlfield><controlfield tag="005">20161230201033</controlfield><controlfield tag="008">060222s1000------------r-----000-0-eng-d</controlfield><datafield ind1=" " ind2=" " tag="080"><subfield code="a">531</subfield></datafield><datafield ind1=" " ind2=" " tag="100"><subfield code="a">Savin, G.N., Putiata, T.V. Si Fradlin, B.N</subfield></datafield><datafield ind1=" " ind2=" " tag="245"><subfield code="a">Kurs teoreticeskoi mehaniki</subfield></datafield><datafield ind1=" " ind2=" " tag="260"><subfield code="a">Kiev, Viscia Scola, 1973. 359 P</subfield></datafield><datafield ind1=" " ind2=" " tag="852"><subfield code="a">80663</subfield></datafield></record></collection>